  Encoding: UTF8

  @book{tamassia2013handbook,
    title={Handbook of graph drawing and visualization},
    author={Tamassia, Roberto},
    year={2013},
    publisher={Chapman and Hall/CRC}
  }
  @book{edmonds1960combinatorial,
  title={A Combinatorial Representation for Oriented Polyhedral Surfaces},
  author={Edmonds, J.R.},
  url={https://books.google.co.uk/books?id=vo2ENwAACAAJ},
  year={1960},
  publisher={University of Maryland}
  }
  @phdthesis{jacques1969constellations,
    title={Constellations et propri{\'e}t{\'e}s alg{\'e}briques des graphes topologiques},
    author={Jacques, Alain},
    year={1969},
    school={Facult{\'e} des Sciences, Universit{\'e} de Paris}
  }
  @book{ringel2012map,
    title={Map color theorem},
    author={Ringel, Gerhard},
    volume={209},
    year={2012},
    publisher={Springer Science \& Business Media}
  }
  @misc{nlab:map,
    author = {{nLab authors}},
    title = {combinatorial map},
    url={http://ncatlab.org/nlab/show/combinatorial\%20map},
    href={{http://ncatlab.org/nlab/revision/combinatorial\%20map/46} {Revision 46}},
    month = sep,
    year = {2019}
  }
  @book{richeson2008euler,
    title={Euler's gem: the polyhedron formula and the birth of topology},
    author={Richeson, David S},
    volume={6},
    year={2008},
    publisher={Springer}
  }
  @inproceedings{haxhimusa2005hierarchical,
    title={Hierarchical image partitioning using combinatorial maps},
    author={Haxhimusa, Yll and Ion, Adrian and Kropatsch, Walter and Brun, Luc},
    booktitle={Joint Hungarian-Austrian Conference on Image Processing and Pattern Recognition},
    pages={179--186},
    year={2005}
  }
  @article{de2002pigale,
    title={PIGALE-Public Implementation of a Graph Algorithm Library and Editor},
    author={de Fraysseix, Hubert and de Mendez, P Ossona},
    journal={Handbook of Graph Drawing and Visualization},
    chapter={19},
    year={2013},
    publisher={CRC Press}
  }
  @article{zeps2012draw,
    title={How to draw combinatorial map? From graphs and edges to corner rotations and permutations},
    author={Zeps, Dainis and Kikusts, Paulis},
    journal={arXiv preprint arXiv:1207.5673},
    year={2012}
  }
  @article{kobourovg,
    title={Force-Directed Drawing Algorithms},
    author={Kobourov, Stephen},
    journal={Handbook of Graph Drawing and Visualization},
    chapter={12},
    year={2013},
    publisher={CRC Press}
  }
  @article{tingyu2019drawer,
    title={Different techniques for visualization of combinatorial map},
    author={Tingyu Huang},
    year={2019},
  }
  @misc{bostock2015d3,
    title={D3. js-data-driven documents},
    author={Bostock, Mike and others},
    url={https://d3js.org/},
    month = sep,
    year = {2019}
  }
  @inproceedings{buchheim2002improving,
    title={Improving Walker’s algorithm to run in linear time},
    author={Buchheim, Christoph and J{\"u}nger, Michael and Leipert, Sebastian},
    booktitle={International Symposium on Graph Drawing},
    pages={344--353},
    year={2002},
    organization={Springer}
  }
  @article{reingold1981tidier,
    title={Tidier drawings of trees},
    author={Reingold, Edward M. and Tilford, John S.},
    journal={IEEE Transactions on software Engineering},
    number={2},
    pages={223--228},
    year={1981},
    publisher={IEEE}
  }
  @misc{milldrawing,
    title={Drawing Presentable Trees},
    author={MILL, Bill}
  }
  @misc{bootstrap2019,
    title={Bootstrap},
    author={MIT},
    url={https://getbootstrap.com/},
    month = sep,
    year = {2019}
  }
  @misc{openicon2019,
    title={Open Iconic},
    author={MIT},
    url={https://www.useiconic.com/open},
    month = sep,
    year = {2019}
  }
  @article{tocplugin2019,
    title={Table of Contents plugin for Bootstrap},
    author={Aidan Feldman},
    url={https://afeld.github.io/bootstrap-toc},
    month = sep,
    year={2019}
  }
  @article{you2018vue,
    title={Vue. js},
    author={You, Evan},
    journal={Diakses dari https://vuejs. org/, pada tanggal},
    volume={17},
    year={2018}
  }
  @book{fisher1943statistical,
    title={Statistical tables for biological, agricultural and medical research},
    author={Fisher, Ronald A and Yates, Frank},
    year={1943},
    publisher={Oliver and Boyd Ltd, London}
  }
  @article{demaine2005survey,
    title={A survey of folding and unfolding in computational geometry},
    author={Demaine, Erik D and O’Rourke, Joseph},
    journal={Combinatorial and computational geometry},
    volume={52},
    pages={167--211},
    year={2005},
    publisher={Cambridge University Press}
  }
